@inproceedings{seedat2024dissecting,
  title={Dissecting Sample Hardness: A Fine-Grained Analysis of Hardness Characterization Methods for Data-Centric AI},
  author={Seedat, Nabeel and Imrie, Fergus and van der Schaar, Mihaela},
  booktitle={The Twelfth International Conference on Learning Representations},
  year={2024}
}

@incollection{kagglener,
  title={A survey of named entity recognition and classification},
  author={Nadeau, David and Sekine, Satoshi},
  booktitle={Named Entities: Recognition, classification and use},
  pages={3--28},
  year={2009},
  publisher={John Benjamins publishing company},
  url={https://www.kaggle.com/datasets/naseralqaydeh/named-entity-recognition-ner-corpus}
}

@inproceedings{rusentne,
    title={{RuSentNE-2023}: {E}valuating Entity-Oriented Sentiment Analysis on Russian News Texts},
    author={Golubev, Anton and Rusnachenko, Nicolay and Loukachevitch, Natalia},
    booktitle={Computational Linguistics and Intellectual Technologies: papers from the Annual conference ``Dialogue'' (arxiv:2305.17679},
    year={2023},
    url={https://github.com/dialogue-evaluation/RuSentNE-evaluation}
}

@INPROCEEDINGS{10893762,
  author={Maysuradze, Archil and Rink, Olga and Fedorov, Artem and Tabachenkov, Andrey and Vorontsov, Konstantin},
  booktitle={2024 10th International Conference on Systems and Informatics (ICSAI)}, 
  title={Does Annotating Multi-Spans Improve Classification in Considerable Text Collections?}, 
  year={2024},
  volume={},
  number={},
  pages={1-6},
  keywords={Accuracy;Annotations;Law;Social networking (online);Semantics;Detectors;Writing;Data models;Labeling;Informatics;annotating multi-fragments;data engineering and data mining;content analysis;human values classification},
  doi={10.1109/ICSAI65059.2024.10893762}}

@article{ade,
  title={Extraction of potential adverse drug events from medical case reports},
  author={Gurulingappa, Harsha and Mateen-Rajpu, Abdul and Toldo, Luca},
  journal={Journal of biomedical semantics},
  volume={3},
  pages={1--10},
  year={2012},
  publisher={Springer},
  url={https://huggingface.co/datasets/ade-benchmark-corpus/ade\_corpus\_v2}
}

@inproceedings{conll2012,
  title={Towards robust linguistic analysis using ontonotes},
  author={Pradhan, Sameer and Moschitti, Alessandro and Xue, Nianwen and Ng, Hwee Tou and Bj{\"o}rkelund, Anders and Uryupina, Olga and Zhang, Yuchen and Zhong, Zhi},
  booktitle={Proceedings of the Seventeenth Conference on Computational Natural Language Learning},
  pages={143--152},
  year={2013},
  url={https://huggingface.co/datasets/ontonotes/conll2012\_ontonotesv5}
}

@article{nerel,
  title={NEREL: a Russian information extraction dataset with rich annotation for nested entities, relations, and wikidata entity links},
  author={Loukachevitch, Natalia and Artemova, Ekaterina and Batura, Tatiana and Braslavski, Pavel and Ivanov, Vladimir and Manandhar, Suresh and Pugachev, Alexander and Rozhkov, Igor and Shelmanov, Artem and Tutubalina, Elena and others},
  journal={Language Resources and Evaluation},
  pages={1--37},
  year={2023},
  publisher={Springer},
  url={https://github.com/nerel-ds/NEREL}
}

@inproceedings{rured,
  title={Relation extraction dataset for the Russian language},
  author={Gordeev, Denis and Davletov, Adis and Rey, Alexey and Akzhigitova, Galiya and Geymbukh, Georgiy},
  booktitle={Computational Linguistics and Intellectual Technologies: Proceedings of the International Conference “Dialog”[Komp’iuternaia Lingvistika i Intellektual’nye Tehnologii: Trudy Mezhdunarodnoj Konferentsii “Dialog”]},
  year={2020},
  organization={Russian State University For The Humanities Moscow, Russia},
  url={https://github.com/denis-gordeev/rured2}
}

@InProceedings{scierc,
     author = {Luan, Yi and He, Luheng and Ostendorf, Mari and Hajishirzi, Hannaneh},
     title = {Multi-Task Identification of Entities, Relations, and Coreferencefor Scientific Knowledge Graph Construction},
     booktitle = {Proc.\ Conf. Empirical Methods Natural Language Process. (EMNLP)},
     year = {2018},
     url={https://nlp.cs.washington.edu/sciIE/}
}

@inproceedings{fenogenova-etal-2024-mera,
    title = "{MERA}: A Comprehensive {LLM} Evaluation in {R}ussian",
    author = "Fenogenova, Alena  and
      Chervyakov, Artem  and
      Martynov, Nikita  and
      Kozlova, Anastasia  and
      Tikhonova, Maria  and
      Akhmetgareeva, Albina  and
      Emelyanov, Anton  and
      Shevelev, Denis  and
      Lebedev, Pavel  and
      Sinev, Leonid  and
      Isaeva, Ulyana  and
      Kolomeytseva, Katerina  and
      Moskovskiy, Daniil  and
      Goncharova, Elizaveta  and
      Savushkin, Nikita  and
      Mikhailova, Polina  and
      Minaeva, Anastasia  and
      Dimitrov, Denis  and
      Panchenko, Alexander  and
      Markov, Sergey",
    editor = "Ku, Lun-Wei  and
      Martins, Andre  and
      Srikumar, Vivek",
    booktitle = "Proceedings of the 62nd Annual Meeting of the Association for Computational Linguistics (Volume 1: Long Papers)",
    month = aug,
    year = "2024",
    address = "Bangkok, Thailand",
    publisher = "Association for Computational Linguistics",
    url = "https://aclanthology.org/2024.acl-long.534",
    doi = "10.18653/v1/2024.acl-long.534",
    pages = "9920--9948",
}

@article{hendrickx2019semeval,
  title={Semeval-2010 task 8: Multi-way classification of semantic relations between pairs of nominals},
  author={Hendrickx, Iris and Kim, Su Nam and Kozareva, Zornitsa and Nakov, Preslav and S{\'e}aghdha, Diarmuid O and Pad{\'o}, Sebastian and Pennacchiotti, Marco and Romano, Lorenza and Szpakowicz, Stan},
  journal={arXiv preprint arXiv:1911.10422},
  year={2019},
  url={https://huggingface.co/datasets/sem\_eval\_2010\_task\_8}
}

@misc{upgreatREADABLETechnology,
	author = {READ/ABLE},
	title = {{R}{E}{A}{D}//{A}{B}{L}{E} - {T}echnology contest {U}{P} {G}{R}{E}{A}{T} :: {P}articipants --- en.ai.upgreat.one},
	howpublished = {\url{https://en.ai.upgreat.one/participants/}},
	year = {2017-2025},
	note = {[Accessed 06-02-2025]},
}

@misc{scikit-learn,
    title={Novelty and Outlier Detection},
    howpublished = {\url{https://scikit-learn.org/stable/modules/outlier\_detection.html}},
	year = {2007-2025},
	note = {[Accessed 27-04-2025]},
}

@inproceedings{rink2024detecting,
  title={Detecting Human Values and Sentiments in Large Text Collections with a Context-Dependent Information Markup: A Methodology and Math},
  author={Rink, Olga and Lobachev, Viktor and Vorontsov, Konstantin},
  booktitle={International Conference on Human-Computer Interaction},
  pages={372--383},
  year={2024},
  organization={Springer}
}
@article{vorontsov2025detecting,
  title={Developing an open interdisciplinary classifier of human values by means of annotating multi-fragments},
  author={Vorontsov, K. and Gladchenko, I. and Lobachev, V. and Mamontova, A. and Rink, O. and Shabelskaya, N.},
    journal = {Vestnik of Saint Petersburg University. International Relations},
    year = {2025},
    volume = {18},
    issue = {1},
    pages = {38-62},
    doi = {10.21638/spbu06.2025.103}
}

@article{article,
    title = {Support Vector Data Description},
    author = {Tax, David and Duin, Robert},
    year = {2004},
    month = {01},
    pages = {45-66},
    volume = {54},
    journal = {Machine Learning},
    doi = {10.1023/B:MACH.0000008084.60811.49}
}

@article{aarts2014solution,
  title={A solution to dependency: using multilevel analysis to accommodate nested data},
  author={Aarts, Emmeke and Verhage, Matthijs and Veenvliet, Jesse V and Dolan, Conor V and Van Der Sluis, Sophie},
  journal={Nature neuroscience},
  volume={17},
  number={4},
  pages={491--496},
  year={2014},
  publisher={Springer US New York}
}

@inproceedings{erdil2021task,
  title={Task-agnostic out-of-distribution detection using kernel density estimation},
  author={Erdil, Ertunc and Chaitanya, Krishna and Karani, Neerav and Konukoglu, Ender},
  booktitle={Uncertainty for Safe Utilization of Machine Learning in Medical Imaging, and Perinatal Imaging, Placental and Preterm Image Analysis: 3rd International Workshop, UNSURE 2021, and 6th International Workshop, PIPPI 2021, Held in Conjunction with MICCAI 2021, Strasbourg, France, October 1, 2021, Proceedings 3},
  pages={91--101},
  year={2021},
  organization={Springer}
}

@inproceedings{chalapathy2017robust,
  title={Robust, deep and inductive anomaly detection},
  author={Chalapathy, Raghavendra and Menon, Aditya Krishna and Chawla, Sanjay},
  booktitle={Machine Learning and Knowledge Discovery in Databases: European Conference, ECML PKDD 2017, Skopje, Macedonia, September 18--22, 2017, Proceedings, Part I 10},
  pages={36--51},
  year={2017},
  organization={Springer}
}

@article{Lee2018ASU,
  title={A Simple Unified Framework for Detecting Out-of-Distribution Samples and Adversarial Attacks},
  author={Kimin Lee and Kibok Lee and Honglak Lee and Jinwoo Shin},
  journal={ArXiv},
  year={2018},
  volume={abs/1807.03888},
  url={https://api.semanticscholar.org/CorpusID:49667948}
}

@article{ruff2019deep,
  title={Deep semi-supervised anomaly detection},
  author={Ruff, Lukas and Vandermeulen, Robert A and G{\"o}rnitz, Nico and Binder, Alexander and M{\"u}ller, Emmanuel and M{\"u}ller, Klaus-Robert and Kloft, Marius},
  journal={arXiv preprint arXiv:1906.02694},
  year={2019}
}

@inproceedings{kim2019rapp,
  title={Rapp: Novelty detection with reconstruction along projection pathway},
  author={Kim, Ki Hyun and Shim, Sangwoo and Lim, Yongsub and Jeon, Jongseob and Choi, Jeongwoo and Kim, Byungchan and Yoon, Andre S},
  booktitle={International Conference on Learning Representations},
  year={2019}
}

@inproceedings{inproceedings,
    title = {Unsupervised Anomaly Detection with Generative Adversarial Networks to Guide Marker Discovery},
    author = {Schlegl, Thomas and Seeböck, Philipp and Waldstein, Sebastian and Schmidt-Erfurth, Ursula and Langs, Georg},
    year = {2017},
    month = {03},
    pages = {146-157},
    isbn = {978-3-319-59049-3},
    doi = {10.1007/978-3-319-59050-9_12}
}

@inproceedings{agarwal2022estimating,
  title={Estimating example difficulty using variance of gradients},
  author={Agarwal, Chirag and D'souza, Daniel and Hooker, Sara},
  booktitle={Proceedings of the IEEE/CVF Conference on Computer Vision and Pattern Recognition},
  pages={10368--10378},
  year={2022}
}

@article{zhou2024grod,
  title={GROD: Enhancing Generalization of Transformer with Out-of-Distribution Detection},
  author={Zhou, Yijin and Wang, Yuguang},
  journal={arXiv preprint arXiv:2406.12915},
  year={2024}
}

@article{le2023learning,
  title={Learning from multiple expert annotators for enhancing anomaly detection in medical image analysis},
  author={Le, Khiem H and Tran, Tuan V and Pham, Hieu H and Nguyen, Hieu T and Le, Tung T and Nguyen, Ha Q},
  journal={IEEE Access},
  volume={11},
  pages={14105--14114},
  year={2023},
  publisher={IEEE}
}

@inproceedings{devlin2019bert,
  title={Bert: Pre-training of deep bidirectional transformers for language understanding},
  author={Devlin, Jacob and Chang, Ming-Wei and Lee, Kenton and Toutanova, Kristina},
  booktitle={Proceedings of the 2019 conference of the North American chapter of the association for computational linguistics: human language technologies, volume 1 (long and short papers)},
  pages={4171--4186},
  year={2019}
}

@article{loshchilov2017fixing,
  title={Fixing weight decay regularization in adam},
  author={Loshchilov, Ilya and Hutter, Frank and others},
  journal={arXiv preprint arXiv:1711.05101},
  volume={5},
  pages={5},
  year={2017}
}

@article{joshi2020spanbert,
  title={Spanbert: Improving pre-training by representing and predicting spans},
  author={Joshi, Mandar and Chen, Danqi and Liu, Yinhan and Weld, Daniel S and Zettlemoyer, Luke and Levy, Omer},
  journal={Transactions of the association for computational linguistics},
  volume={8},
  pages={64--77},
  year={2020},
  publisher={MIT Press One Rogers Street, Cambridge, MA 02142-1209, USA journals-info~…}
}

@incollection{eberts2020span,
  title={Span-Based Joint Entity and Relation Extraction with Transformer Pre-Training},
  author={Eberts, Markus and Ulges, Adrian},
  booktitle={ECAI 2020},
  pages={2006--2013},
  year={2020},
  publisher={IOS Press}
}

@inproceedings{toshniwal2020cross,
  title={A Cross-Task Analysis of Text Span Representations},
  author={Toshniwal, Shubham and Shi, Haoyue and Shi, Bowen and Gao, Lingyu and Livescu, Karen and Gimpel, Kevin},
  booktitle={Proceedings of the 5th Workshop on Representation Learning for NLP},
  pages={166--176},
  year={2020}
}

@article{fawcett2006introduction,
  title={An introduction to ROC analysis},
  author={Fawcett, Tom},
  journal={Pattern recognition letters},
  volume={27},
  number={8},
  pages={861--874},
  year={2006},
  publisher={Elsevier}
}